@online{yahtzeeBooklet,
	author={MiltonBradleyCompany},
	title = {Yahtzee Instructions - 1 or More Players},
	date = {1996},
	url = {https://www.hasbro.com/common/instruct/yahtzee.pdf},
	urldate = {2019-10-30}
},
@book{gamma1994design,
	title={Design Patterns: Elements of Reusable Object-Oriented Software (Adobe Reader)},
	author={Gamma, E. and Helm, R. and Johnson, R. and Vlissides, J.},
	isbn={9780321700698},
	series={Addison-Wesley Professional Computing Series},
	year={1994},
	publisher={Pearson Education}
},
@book{fowler2012patterns,
	title={Patterns of Enterprise Application Architecture: Pattern Enterprise Application Architecture},
	author={Martin Fowler},
	isbn={9780133065213},
	series={Addison-Wesley Signature Series (Fowler)},
	year={2012},
	publisher={Pearson Education}
},
@online{strangler2004,
	author = {Fowler, M.},
	title = {Strangler Pattern},
	date = {2004},
	url = {https://martinfowler.com/bliki/StranglerFigApplication.html},
	urldate = {2019-11-25},
}
